@online{Reference1,
	Author = {D. Adams},
	Title = {The History of Mobile Operating Systems [Infographic]},
	Publisher = {Bit Rebels},
	Month = {7},
	Year = {2011},
	Url = {http://www.bitrebels.com/technology/the-history-of-mobile-operating-systems-infographic/},
	addendum = "(accessed: 31.05.2018)"
	}

@online{Reference2,
	Author = {J. Murphy},
	Title = {Security Minister Warns of Mobile Phone Hacker Risk},
	Publisher = {Gale},
	Month = {6},
	Year = {2009},
	Url = {http://go.galegroup.com/ps/i.do?id=GALE\%7CA203154593&v=2.1&u=flinders&it=r&p=ITOF&sw=w},
	addendum = "(accessed: 31.05.2018)"
	}

@online{Reference3,
	Author = {B. Ellis},
	Title = {Your most dangerous possession? Your smartphone},
	Publisher = {CNN},
	Month = {1},
	Year = {2011},
	Url = {https://money.cnn.com/2011/01/12/pf/saving/smartphone_dangers/index.htm},
	addendum = "(accessed: 31.05.2018)"
	}

@mastersthesis{Reference4,
	Author = {B. Gerblich},
	Title = {Computers Must be Understandable to be Secure},
	School = {Flinders University},
	Year = {2017},
	Address = {Adelaide}	
	}

@online{Reference5,
	Author = {D. Goodin},
	Title = {Meet “badBIOS,” the mysterious Mac and PC malware that jumps airgaps},
	Publisher = {arsTechnica},
	Month = {1},
	Year = {2013},
	Url = {https://arstechnica.com/information-technology/2013/10/meet-badbios-the-mysterious-mac-and-pc-malware-that-jumps-airgaps/},
	addendum = "(accessed: 05.06.2018)" 
	}

@proceedings{Reference6,
	Title = {Security and Complexity},
	Month = {12},
	Year = {2015},
	Publisher = {IT NOW},
	addendum = "R. Anderson, [Interviewee]"
	}

@inbook{Reference7,
	Title = {Security and Complexity},
	Author = {J. Ramsden, P. Kervalishvili},
	Pages = {249-347},
	Publisher = {IOS Press},
	Year = {2008}
	}

@techreport{Reference8,
	Author = {McCabe Software},
	Title = {More Complex Equals Less Secure},
	Institution = {McCabe Software},
	Year = {2015},
	Address = {41 Sharpe Drive, Cranston, RL 02920}
	}

@online{Reference9,
	Author = {U. Frisk},
	Title = {Total Meltdown?},
	Publisher = {Blogger},
	Month = {3},
	Year = {2018},
	Url = {http://blog.frizk.net/2018/03/total-meltdown.html?m=1},
	addendum = "(accessed: 26.05.2018)"
	}

@techreport{Reference10,
	Author = {The Department of Defense},
	Title = {Trusted Computer System Evaluation Criteria},
	Institution = {The Department of Defense},
	Year = {1985}
	}

@online{Reference11,
	Author = {S. Lemon},
	Title = {Jailbroken IPhones Leave Users More Vulnerable},
	Publisher = {PCWorld},
	Month = {7},
	Year = {2009},
	Url = {https://www.pcworld.com/article/167760/article.html},
	addendum = "(accessed: 31.05.2018)"
	}

@online{Reference12,
	Author = {D. Graham-Smith},
	Title = {12 ways to hack-proof your smartphone},
	Publisher = {The Guardian},
	Month = {3},
	Year = {2017},
	Url = {https://www.theguardian.com/technology/2017/mar/26/12-ways-to-hack-proof-your-smartphone-privacy-data-thieves},
	addendum = "(accessed: 31.05.2018)"
	}

@techreport{Reference13,
	Author = {Dr. R. Griffin Jr.},
	Title = {Study on Mobile Device Security},
	Institution = {The Department of Homeland Security},
	Address = {Washington},
	Month = {4},
	Year = {2017}
	}

@online{Reference14,
	Author = {L. Constnatin},
	Title = {Attackers exploited ColdFusion vulnerability to install Microsoft IIS malware},
	Publisher = {PCWorld},
	Month = {12},
	Year = {2013},
	Url = {https://www.pcworld.com/article/2080721/attackers-exploited-coldfusion-vulnerability-to-install-microsoft-iis-malware.html},
	addendum = "(accessed: 31.05.2018)"
	}

@techreport{Reference15,
	Author = {McCabe Software},
	Title = {Software Security Analysis: Control Flow Security Analysis with McCabe IQ},
	Institution = {McCabe Software},
	Year = {2015},
	Address = {41 Sharpe Drive, Cranston, RL 02920}
	}

@article{Reference16,
	Author = {K. Thompson},
	Title = {Reflections on Trusting Trust},
	Month = {8},
	Year = {1984},
	Journal = {Communications of the ACM},
	Publisher = {Association for Computing Machinery},
	Volume = {27},
	Pages = {761-763},
	Number = {8}
	}

@book{Reference17,
	Title = {Mobile and Wireless Network Security and Privacy},
	Author = {S. Kami Makki, et al.},
	Publisher = {Springer},
	Year = {2007}
	}

@techreport{Reference18,
	Author = {NowSecure},
	Title = {2016 NowSecure Mobile Security Report},
	Institution = {NowSecure},
	Year = {2016}
	}


@article{Reference19,
	Title = {Security Through Isolation},
	Author = {S. Mansfield-Devine},
	Pages = {8-12},
	Month = {5},
	Year = {2010},
	Journal = {Computer Fraud and Security},
	Publisher = {ScienceDirect}
	}

@online{Reference20,
	Author = {Qubes OS},
	Title = {An Introduction to Qubes OS},
	Month = {8},
	Year = {2017},
	Url = {https://www.qubes-os.org/intro/},
	addendum = "(accessed: 23.03.2018)"
	}

@online{Reference21,
	Author = {D. Goodin},
	Title = {Virtual machine escape fetches \$105000 at Pwn2Own hacking contest},
	Publisher = {ars Technica},
	Month = {3},
	Year = {2017},
	Url = {https://arstechnica.com/information-technology/2017/03/hack-that-escapes-vm-by-exploiting-edge-browser-fetches-105000-at-pwn2own/},
	addendum = "(accessed: 5.06.2018)"
	}

@online{Reference22,
	Author = {K. Zetter},
	Title = {Hacker Lexicon: What is an air gap?},
	Publisher = {Wired},
	Month = {12},
	Year = {2014},
	Url = {https://www.wired.com/2014/12/hacker-lexicon-air-gap/},
	addendum = "(accessed: 2.06.2018)"
	}

@online{Reference23,
	Author = {B. Slash},
	Title = {Use the USB Rubber Ducky to Disable Antivirus Software and Install Ransomeware},
	Publisher = {Null Byte},
	Month = {11},
	Year = {2017},
	Url = {https://null-byte.wonderhowto.com/how-to/use-usb-rubber-ducky-disable-antivirus-software-install-ransomware-0180418/},
	addendum = "(accessed: 3.06.2018)"
	}

@online{Reference24,
	Author = {K. Than},
	Title = {Computers can be hacked using high-frequency sound},
	Publisher = {Inside Science},
	Month = {12},
	Year = {2013},
	Url = {https://www.insidescience.org/news/computers-can-be-hacked-using-high-frequency-sound},
	addendum = "(accessed: 3.06.2018)"
	}

@online{Reference25,
	Author = {E. Kovacs},
	Title = {"AirHopper" Malware Uses Radio Signals to Steal Data from Isolated Computers},
	Publisher = {Security Week},
	Month = {10},
	Year = {2014},
	Url = {https://www.securityweek.com/airhopper-malware-uses-radio-signals-steal-data-isolated-computers},
	addendum = "(accessed: 3.06.2018)"
	}

@techreport{Reference26,
	Author = {M. Guri, et al.},
	Title = {ODINI Escaping Sensitive Data from Faraday-Caged, Air-Gapped Computers via Magnetic Fields},
	Institution = {The University of Negev},
	Publisher = {Cyber Secuity Research Center},
	Year = {2018},
	Month = {2}
	}

@proceedings{Reference27,
	Title = {MEGA65 Design Choices},
	Month = {3},
	Year = {2018},
	addendum = "P. Gardner-Stephen, [Interviewee]"
	}

@techreport{Reference28,
	Author = {Intel},
	Title = {Intel annual report 1972},
	Institution = {Intel},
	Publisher = {Intel},
	Year = {1972}
	}

@techreport{Reference29,
	Author = {Intel},
	Title = {Intel corperation annual report 1975},
	Institution = {Intel},
	Publisher = {Intel},
	Year = {1975}
	}

@techreport{Reference30,
	Author = {Intel},
	Title = {Intel corperation annual report 1982},
	Institution = {Intel},
	Publisher = {Intel},
	Year = {1982}
	}

@techreport{Reference31,
	Author = {Intel},
	Title = {Annual report 1991},
	Institution = {Intel},
	Publisher = {Intel},
	Year = {1991}
	}

@techreport{Reference32,
	Author = {Intel},
	Title = {2000 Annual report},
	Institution = {Intel},
	Publisher = {Intel},
	Year = {2000}
	}

@online{Reference33,
	Author = {The CPUSHAKE Museum},
	Title = {IntelC8008-1},
	Publisher = {PXL Creative},
	Year = {2009},
	Url = {http://www.cpushack.com/chippics/Intel/8008/IntelC8008-1.html},
	addendum = "(accessed: 31.05.2018)"
	}

@techreport{Reference34,
	Author = {H. El-Aawar},
	Title = {Increasing the transistor count by constructing a two later crystal square on a single chip},
	Publisher = {International Journal of Computing Science and Information Technology},
	Month = {6},
	Year = {2009},
	Institution = {The Lebanese International University}
	}

@online{Reference35,
	Author = {K. Okuly},
	Title = {Intel Processor Transistor Count (By Year)},
	Month = {9},
	Year = {2014},
	Url = { https://www.coursehero.com/file/11042546/Intel-Processor-Transistor-Count-by-Year/},
	addendum = "(accessed: 01.06.2018)"
	}

@article{Reference36,
	author = {Marszalek, Jessica},
	title = {{ASIO phone tapped ordinary people}},
	journal = {heraldsun.com.au},
	year = {2013},
	month = {10},
	publisher = {heraldsun.com.au},
	url = {https://www.heraldsun.com.au/news/law-order/asio-caught-phone-tapping-ordinary-australians/news-story/b7d19b3072baf204b6cb67f4644c03f5}
}

@misc{Reference37,
	title = {{Landmark Australian ruling on what counts as 'personal information'}},
	journal = {iTnews},
	year = {2018},
	month = {9},
	note = {[Online; accessed 10. Sep. 2018]},
	url = {https://www.itnews.com.au/news/landmark-australian-ruling-on-what-counts-as-personal-information-448049}
}

%@article{Reference4,
%	Abstract = {},
%	Author = {},
%	Journal = {},
%	Keywords = {},
%	Month = {},
%	Number = {},
%	Numpages = {},
%	Pages = {},
%	Title = {},
%	Volume = {},
%	Url = {},
%	Year = {}}
